%YAML 1.1
%TAG !u! tag:unity3d.com,2011:
--- !u!1001 &100100000
Prefab:
  m_ObjectHideFlags: 1
  serializedVersion: 2
  m_Modification:
    m_TransformParent: {fileID: 0}
    m_Modifications: []
    m_RemovedComponents: []
  m_ParentPrefab: {fileID: 0}
  m_RootGameObject: {fileID: 1000013439633000}
  m_IsPrefabParent: 1
--- !u!1 &1000013439633000
GameObject:
  m_ObjectHideFlags: 0
  m_PrefabParentObject: {fileID: 0}
  m_PrefabInternal: {fileID: 100100000}
  serializedVersion: 4
  m_Component:
  - 4: {fileID: 4000010405995406}
  - 20: {fileID: 20000011541856372}
  - 92: {fileID: 92000012161789986}
  - 124: {fileID: 124000011492278152}
  - 81: {fileID: 81000013597311060}
  - 114: {fileID: 114000010077672874}
  - 114: {fileID: 114000011493804764}
  - 114: {fileID: 114000014153432290}
  - 114: {fileID: 114000010799849102}
  - 114: {fileID: 114000012581649462}
  - 114: {fileID: 114000012493464902}
  - 114: {fileID: 114000010117780036}
  m_Layer: 0
  m_Name: Main Camera Lvl1
  m_TagString: MainCamera
  m_Icon: {fileID: 0}
  m_NavMeshLayer: 0
  m_StaticEditorFlags: 0
  m_IsActive: 1
--- !u!4 &4000010405995406
Transform:
  m_ObjectHideFlags: 1
  m_PrefabParentObject: {fileID: 0}
  m_PrefabInternal: {fileID: 100100000}
  m_GameObject: {fileID: 1000013439633000}
  m_LocalRotation: {x: 0.046551716, y: -0.6272896, z: 0.03760724, w: 0.7764834}
  m_LocalPosition: {x: 192.27783, y: -1.2, z: 399.2005}
  m_LocalScale: {x: 1, y: 1, z: 1}
  m_LocalEulerAnglesHint: {x: 0, y: 0, z: 0}
  m_Children: []
  m_Father: {fileID: 0}
  m_RootOrder: 0
--- !u!20 &20000011541856372
Camera:
  m_ObjectHideFlags: 1
  m_PrefabParentObject: {fileID: 0}
  m_PrefabInternal: {fileID: 100100000}
  m_GameObject: {fileID: 1000013439633000}
  m_Enabled: 1
  serializedVersion: 2
  m_ClearFlags: 1
  m_BackGroundColor: {r: 0.43609428, g: 0.60492337, b: 0.8014706, a: 0}
  m_NormalizedViewPortRect:
    serializedVersion: 2
    x: 0
    y: 0
    width: 1
    height: 1
  near clip plane: 0.01
  far clip plane: 500
  field of view: 50
  orthographic: 0
  orthographic size: 5
  m_Depth: 0
  m_CullingMask:
    serializedVersion: 2
    m_Bits: 4294967295
  m_RenderingPath: 1
  m_TargetTexture: {fileID: 0}
  m_TargetDisplay: 0
  m_TargetEye: 3
  m_HDR: 1
  m_OcclusionCulling: 1
  m_StereoConvergence: 10
  m_StereoSeparation: 0.022
  m_StereoMirrorMode: 0
--- !u!81 &81000013597311060
AudioListener:
  m_ObjectHideFlags: 1
  m_PrefabParentObject: {fileID: 0}
  m_PrefabInternal: {fileID: 100100000}
  m_GameObject: {fileID: 1000013439633000}
  m_Enabled: 1
--- !u!92 &92000012161789986
Behaviour:
  m_ObjectHideFlags: 1
  m_PrefabParentObject: {fileID: 0}
  m_PrefabInternal: {fileID: 100100000}
  m_GameObject: {fileID: 1000013439633000}
  m_Enabled: 1
--- !u!114 &114000010077672874
MonoBehaviour:
  m_ObjectHideFlags: 1
  m_PrefabParentObject: {fileID: 0}
  m_PrefabInternal: {fileID: 100100000}
  m_GameObject: {fileID: 1000013439633000}
  m_Enabled: 1
  m_EditorHideFlags: 0
  m_Script: {fileID: 11500000, guid: 475e11f997bf55b4f86598b126d04fc4, type: 3}
  m_Name: 
  m_EditorClassIdentifier: 
  Camera: {fileID: 20000011541856372}
  LookTarget: {fileID: 0}
  FollowTarget: {fileID: 0}
  SnapToPosition: 0
  SnapToRotation: 0
  MovementSpeed: 10
  LookRotationSpeed: 10
  ShakeDamper:
    serializedVersion: 2
    m_Curve: []
    m_PreInfinity: 2
    m_PostInfinity: 2
    m_RotationOrder: 4
  PitchFOV:
    serializedVersion: 2
    m_Curve:
    - time: 0
      value: 0
      inSlope: 2
      outSlope: 2
      tangentMode: 0
    - time: 1
      value: 1
      inSlope: 0
      outSlope: 0
      tangentMode: 0
    m_PreInfinity: 2
    m_PostInfinity: 2
    m_RotationOrder: 0
  PitchFOVActive: 0
--- !u!114 &114000010117780036
MonoBehaviour:
  m_ObjectHideFlags: 1
  m_PrefabParentObject: {fileID: 0}
  m_PrefabInternal: {fileID: 100100000}
  m_GameObject: {fileID: 1000013439633000}
  m_Enabled: 1
  m_EditorHideFlags: 0
  m_Script: {fileID: 11500000, guid: e50e925fb93c78246bf995d9dc3a2330, type: 3}
  m_Name: 
  m_EditorClassIdentifier: 
  type: 0
  adaptiveTextureSize: 256
  remapCurve:
    serializedVersion: 2
    m_Curve:
    - time: 0
      value: 0
      inSlope: 2
      outSlope: 2
      tangentMode: 0
    - time: 2.025
      value: 1.03125
      inSlope: 0
      outSlope: 0
      tangentMode: 0
    m_PreInfinity: 2
    m_PostInfinity: 2
    m_RotationOrder: 0
  exposureAdjustment: 1.5
  middleGrey: 0.4
  white: 2
  adaptionSpeed: 1.5
  tonemapper: {fileID: 4800000, guid: 003377fc2620a44939dadde6fe3f8190, type: 3}
  validRenderTextureFormat: 1
--- !u!114 &114000010799849102
MonoBehaviour:
  m_ObjectHideFlags: 1
  m_PrefabParentObject: {fileID: 0}
  m_PrefabInternal: {fileID: 100100000}
  m_GameObject: {fileID: 1000013439633000}
  m_Enabled: 0
  m_EditorHideFlags: 0
  m_Script: {fileID: 11500000, guid: b0923359e9e352a4b9b11c7b7161ad67, type: 3}
  m_Name: 
  m_EditorClassIdentifier: 
  m_Radius: 0.4
  m_SampleCount: 1
  m_OcclusionIntensity: 1.5
  m_Blur: 2
  m_Downsampling: 2
  m_OcclusionAttenuation: 1
  m_MinZ: 0.01
  m_SSAOShader: {fileID: 4800000, guid: 43ca18288c424f645aaa1e9e07f04c50, type: 3}
  m_RandomTexture: {fileID: 2800000, guid: a181ca8e3c62f3e4b8f183f6c586b032, type: 3}
--- !u!114 &114000011493804764
MonoBehaviour:
  m_ObjectHideFlags: 1
  m_PrefabParentObject: {fileID: 0}
  m_PrefabInternal: {fileID: 100100000}
  m_GameObject: {fileID: 1000013439633000}
  m_Enabled: 1
  m_EditorHideFlags: 0
  m_Script: {fileID: 11500000, guid: 4975a6e437fc3b149a8cd508ce5bdd69, type: 3}
  m_Name: 
  m_EditorClassIdentifier: 
  threshold: 0.514
  intensity: 0.38
  blurSize: 0.56
  blurIterations: 2
  blurType: 0
  fastBloomShader: {fileID: 4800000, guid: 68a00c837b82e4c6d92e7da765dc5f1d, type: 3}
--- !u!114 &114000012493464902
MonoBehaviour:
  m_ObjectHideFlags: 1
  m_PrefabParentObject: {fileID: 0}
  m_PrefabInternal: {fileID: 100100000}
  m_GameObject: {fileID: 1000013439633000}
  m_Enabled: 0
  m_EditorHideFlags: 0
  m_Script: {fileID: 11500000, guid: bd70d448b18cfbc46af26466f752332c, type: 3}
  m_Name: 
  m_EditorClassIdentifier: 
  visualizeFocus: 0
  focalLength: 10
  focalSize: 0.05
  aperture: 0.5
  focalTransform: {fileID: 0}
  maxBlurSize: 2
  highResolution: 0
  blurType: 0
  blurSampleCount: 2
  nearBlur: 0
  foregroundOverlap: 1
  dofHdrShader: {fileID: 4800000, guid: acd613035ff3e455e8abf23fdc8c8c24, type: 3}
  dx11BokehShader: {fileID: 4800000, guid: d8e82664aa8686642a424c88ab10164a, type: 3}
  dx11BokehThreshold: 0.5
  dx11SpawnHeuristic: 0.0875
  dx11BokehTexture: {fileID: 2800000, guid: a4cdca73d61814d33ac1587f6c163bca, type: 3}
  dx11BokehScale: 1.2
  dx11BokehIntensity: 2.5
--- !u!114 &114000012581649462
MonoBehaviour:
  m_ObjectHideFlags: 1
  m_PrefabParentObject: {fileID: 0}
  m_PrefabInternal: {fileID: 100100000}
  m_GameObject: {fileID: 1000013439633000}
  m_Enabled: 0
  m_EditorHideFlags: 0
  m_Script: {fileID: 11500000, guid: 646b5bc27a658f447b1d929fd5ffbd70, type: 3}
  m_Name: 
  m_EditorClassIdentifier: 
  mode: 1
  showGeneratedNormals: 0
  offsetScale: 0.2
  blurRadius: 18
  edgeThresholdMin: 0.05
  edgeThreshold: 0.2
  edgeSharpness: 4
  dlaaSharp: 0
  ssaaShader: {fileID: 4800000, guid: b3728d1488b02490cbd196c7941bf1f8, type: 3}
  dlaaShader: {fileID: 4800000, guid: 017ca72b9e8a749058d13ebd527e98fa, type: 3}
  nfaaShader: {fileID: 4800000, guid: ce0cb2621f6d84e21a87414e471a3cce, type: 3}
  shaderFXAAPreset2: {fileID: 4800000, guid: 6f1418cffd12146f2a83be795f6fa5a7, type: 3}
  shaderFXAAPreset3: {fileID: 4800000, guid: c182fa94a5a0a4c02870641efcd38cd5, type: 3}
  shaderFXAAII: {fileID: 4800000, guid: cd5b323dcc592457790ff18b528f5e67, type: 3}
  shaderFXAAIII: {fileID: 4800000, guid: c547503fff0e8482ea5793727057041c, type: 3}
--- !u!114 &114000014153432290
MonoBehaviour:
  m_ObjectHideFlags: 1
  m_PrefabParentObject: {fileID: 0}
  m_PrefabInternal: {fileID: 100100000}
  m_GameObject: {fileID: 1000013439633000}
  m_Enabled: 0
  m_EditorHideFlags: 0
  m_Script: {fileID: 11500000, guid: 76b5ec6153a1d55438228df10fe66844, type: 3}
  m_Name: 
  m_EditorClassIdentifier: 
  distanceFog: 1
  excludeFarPixels: 1
  useRadialDistance: 1
  heightFog: 0
  height: 5
  heightDensity: 0.85
  startDistance: 10
  fogShader: {fileID: 4800000, guid: 70d8568987ac0499f952b54c7c13e265, type: 3}
--- !u!124 &124000011492278152
Behaviour:
  m_ObjectHideFlags: 1
  m_PrefabParentObject: {fileID: 0}
  m_PrefabInternal: {fileID: 100100000}
  m_GameObject: {fileID: 1000013439633000}
  m_Enabled: 1
