%YAML 1.1
%TAG !u! tag:unity3d.com,2011:
--- !u!1001 &100100000
Prefab:
  m_ObjectHideFlags: 1
  serializedVersion: 2
  m_Modification:
    m_TransformParent: {fileID: 0}
    m_Modifications: []
    m_RemovedComponents: []
  m_ParentPrefab: {fileID: 0}
  m_RootGameObject: {fileID: 1000012617562400}
  m_IsPrefabParent: 1
--- !u!1 &1000011415472366
GameObject:
  m_ObjectHideFlags: 0
  m_PrefabParentObject: {fileID: 0}
  m_PrefabInternal: {fileID: 100100000}
  serializedVersion: 4
  m_Component:
  - 4: {fileID: 4000012168202938}
  - 33: {fileID: 33000013416540858}
  - 23: {fileID: 23000012547424954}
  m_Layer: 18
  m_Name: Quad
  m_TagString: Untagged
  m_Icon: {fileID: 0}
  m_NavMeshLayer: 0
  m_StaticEditorFlags: 0
  m_IsActive: 1
--- !u!1 &1000011895744084
GameObject:
  m_ObjectHideFlags: 0
  m_PrefabParentObject: {fileID: 0}
  m_PrefabInternal: {fileID: 100100000}
  serializedVersion: 4
  m_Component:
  - 4: {fileID: 4000011348730734}
  - 20: {fileID: 20000011895672508}
  - 124: {fileID: 124000012044278014}
  - 92: {fileID: 92000011187789460}
  - 81: {fileID: 81000013802778022}
  m_Layer: 18
  m_Name: Camera
  m_TagString: Untagged
  m_Icon: {fileID: 0}
  m_NavMeshLayer: 0
  m_StaticEditorFlags: 0
  m_IsActive: 1
--- !u!1 &1000012617562400
GameObject:
  m_ObjectHideFlags: 0
  m_PrefabParentObject: {fileID: 0}
  m_PrefabInternal: {fileID: 100100000}
  serializedVersion: 4
  m_Component:
  - 4: {fileID: 4000013077362014}
  - 114: {fileID: 114000011337759164}
  - 65: {fileID: 65000013741515620}
  m_Layer: 18
  m_Name: Portal 2
  m_TagString: Untagged
  m_Icon: {fileID: 0}
  m_NavMeshLayer: 0
  m_StaticEditorFlags: 0
  m_IsActive: 1
--- !u!4 &4000011348730734
Transform:
  m_ObjectHideFlags: 1
  m_PrefabParentObject: {fileID: 0}
  m_PrefabInternal: {fileID: 100100000}
  m_GameObject: {fileID: 1000011895744084}
  m_LocalRotation: {x: -0, y: -0.49660563, z: -0, w: 0.86797637}
  m_LocalPosition: {x: -19.661339, y: 0.32999998, z: 7.2425556}
  m_LocalScale: {x: 1, y: 1, z: 1}
  m_LocalEulerAnglesHint: {x: 0, y: 0, z: 0}
  m_Children: []
  m_Father: {fileID: 4000013077362014}
  m_RootOrder: 0
--- !u!4 &4000012168202938
Transform:
  m_ObjectHideFlags: 1
  m_PrefabParentObject: {fileID: 0}
  m_PrefabInternal: {fileID: 100100000}
  m_GameObject: {fileID: 1000011415472366}
  m_LocalRotation: {x: -0.038483076, y: -0.7060587, z: 0.706059, w: 0.038483046}
  m_LocalPosition: {x: 0, y: 0.3, z: 0}
  m_LocalScale: {x: 1.5, y: 2, z: 1}
  m_LocalEulerAnglesHint: {x: -263.738, y: 89.99999, z: -90}
  m_Children: []
  m_Father: {fileID: 4000013077362014}
  m_RootOrder: 1
--- !u!4 &4000013077362014
Transform:
  m_ObjectHideFlags: 1
  m_PrefabParentObject: {fileID: 0}
  m_PrefabInternal: {fileID: 100100000}
  m_GameObject: {fileID: 1000012617562400}
  m_LocalRotation: {x: -0, y: -0.4872697, z: -0, w: 0.87325156}
  m_LocalPosition: {x: -4.08, y: 0.59, z: 25.13}
  m_LocalScale: {x: 1, y: 1, z: 1}
  m_LocalEulerAnglesHint: {x: 0, y: -58.237003, z: 0}
  m_Children:
  - {fileID: 4000011348730734}
  - {fileID: 4000012168202938}
  m_Father: {fileID: 0}
  m_RootOrder: 0
--- !u!20 &20000011895672508
Camera:
  m_ObjectHideFlags: 1
  m_PrefabParentObject: {fileID: 0}
  m_PrefabInternal: {fileID: 100100000}
  m_GameObject: {fileID: 1000011895744084}
  m_Enabled: 1
  serializedVersion: 2
  m_ClearFlags: 1
  m_BackGroundColor: {r: 0.19215687, g: 0.3019608, b: 0.4745098, a: 0}
  m_NormalizedViewPortRect:
    serializedVersion: 2
    x: 0
    y: 0
    width: 1
    height: 1
  near clip plane: 0.01
  far clip plane: 100
  field of view: 60
  orthographic: 0
  orthographic size: 5
  m_Depth: -2
  m_CullingMask:
    serializedVersion: 2
    m_Bits: 4294705151
  m_RenderingPath: 3
  m_TargetTexture: {fileID: 0}
  m_TargetDisplay: 0
  m_TargetEye: 3
  m_HDR: 0
  m_OcclusionCulling: 0
  m_StereoConvergence: 10
  m_StereoSeparation: 0.022
  m_StereoMirrorMode: 0
--- !u!23 &23000012547424954
MeshRenderer:
  m_ObjectHideFlags: 1
  m_PrefabParentObject: {fileID: 0}
  m_PrefabInternal: {fileID: 100100000}
  m_GameObject: {fileID: 1000011415472366}
  m_Enabled: 1
  m_CastShadows: 0
  m_ReceiveShadows: 0
  m_MotionVectors: 0
  m_LightProbeUsage: 0
  m_ReflectionProbeUsage: 0
  m_Materials:
  - {fileID: 2100000, guid: 04f6596d673babc4983e3a7e698dc0cd, type: 2}
  m_SubsetIndices: 
  m_StaticBatchRoot: {fileID: 0}
  m_ProbeAnchor: {fileID: 0}
  m_LightProbeVolumeOverride: {fileID: 0}
  m_ScaleInLightmap: 1
  m_PreserveUVs: 1
  m_IgnoreNormalsForChartDetection: 0
  m_ImportantGI: 0
  m_SelectedWireframeHidden: 0
  m_MinimumChartSize: 4
  m_AutoUVMaxDistance: 0.5
  m_AutoUVMaxAngle: 89
  m_LightmapParameters: {fileID: 0}
  m_SortingLayerID: 0
  m_SortingOrder: 0
--- !u!33 &33000013416540858
MeshFilter:
  m_ObjectHideFlags: 1
  m_PrefabParentObject: {fileID: 0}
  m_PrefabInternal: {fileID: 100100000}
  m_GameObject: {fileID: 1000011415472366}
  m_Mesh: {fileID: 4300006, guid: ba6a41dc489914734857bb5924eb70ad, type: 3}
--- !u!65 &65000013741515620
BoxCollider:
  m_ObjectHideFlags: 1
  m_PrefabParentObject: {fileID: 0}
  m_PrefabInternal: {fileID: 100100000}
  m_GameObject: {fileID: 1000012617562400}
  m_Material: {fileID: 0}
  m_IsTrigger: 1
  m_Enabled: 1
  serializedVersion: 2
  m_Size: {x: 3.03, y: 2.03, z: 0}
  m_Center: {x: 0, y: 0.31, z: 0}
--- !u!81 &81000013802778022
AudioListener:
  m_ObjectHideFlags: 1
  m_PrefabParentObject: {fileID: 0}
  m_PrefabInternal: {fileID: 100100000}
  m_GameObject: {fileID: 1000011895744084}
  m_Enabled: 0
--- !u!92 &92000011187789460
Behaviour:
  m_ObjectHideFlags: 1
  m_PrefabParentObject: {fileID: 0}
  m_PrefabInternal: {fileID: 100100000}
  m_GameObject: {fileID: 1000011895744084}
  m_Enabled: 0
--- !u!114 &114000011337759164
MonoBehaviour:
  m_ObjectHideFlags: 1
  m_PrefabParentObject: {fileID: 0}
  m_PrefabInternal: {fileID: 100100000}
  m_GameObject: {fileID: 1000012617562400}
  m_Enabled: 1
  m_EditorHideFlags: 0
  m_Script: {fileID: 11500000, guid: 0478b730c4ab18741a9aa389ca35abc6, type: 3}
  m_Name: 
  m_EditorClassIdentifier: 
  Target: {fileID: 0}
  Camera: {fileID: 20000011895672508}
  Renderer: {fileID: 23000012547424954}
  RenderTextureSource: {fileID: 8400000, guid: 568cb58f86d3bad44b72f955e9d8543d, type: 2}
  RenderTextureMaterialSource: {fileID: 2100000, guid: becd75f6ecc3c0547a7729926a69c42d,
    type: 2}
--- !u!124 &124000012044278014
Behaviour:
  m_ObjectHideFlags: 1
  m_PrefabParentObject: {fileID: 0}
  m_PrefabInternal: {fileID: 100100000}
  m_GameObject: {fileID: 1000011895744084}
  m_Enabled: 0
