%YAML 1.1
%TAG !u! tag:unity3d.com,2011:
--- !u!1001 &100100000
Prefab:
  m_ObjectHideFlags: 1
  serializedVersion: 2
  m_Modification:
    m_TransformParent: {fileID: 0}
    m_Modifications: []
    m_RemovedComponents: []
  m_ParentPrefab: {fileID: 0}
  m_RootGameObject: {fileID: 1000012812869838}
  m_IsPrefabParent: 1
--- !u!1 &1000010115205154
GameObject:
  m_ObjectHideFlags: 0
  m_PrefabParentObject: {fileID: 0}
  m_PrefabInternal: {fileID: 100100000}
  serializedVersion: 4
  m_Component:
  - 4: {fileID: 4000010332832142}
  - 114: {fileID: 114000011839006512}
  m_Layer: 0
  m_Name: WallSplineUp
  m_TagString: Untagged
  m_Icon: {fileID: 0}
  m_NavMeshLayer: 0
  m_StaticEditorFlags: 0
  m_IsActive: 1
--- !u!1 &1000010716851412
GameObject:
  m_ObjectHideFlags: 0
  m_PrefabParentObject: {fileID: 0}
  m_PrefabInternal: {fileID: 100100000}
  serializedVersion: 4
  m_Component:
  - 4: {fileID: 4000012218825930}
  - 114: {fileID: 114000010409047564}
  m_Layer: 0
  m_Name: WallSplineRight
  m_TagString: Untagged
  m_Icon: {fileID: 0}
  m_NavMeshLayer: 0
  m_StaticEditorFlags: 0
  m_IsActive: 1
--- !u!1 &1000012812869838
GameObject:
  m_ObjectHideFlags: 0
  m_PrefabParentObject: {fileID: 0}
  m_PrefabInternal: {fileID: 100100000}
  serializedVersion: 4
  m_Component:
  - 4: {fileID: 4000011119982850}
  - 114: {fileID: 114000013467340204}
  m_Layer: 0
  m_Name: MovableWall (1)
  m_TagString: Untagged
  m_Icon: {fileID: 0}
  m_NavMeshLayer: 0
  m_StaticEditorFlags: 0
  m_IsActive: 1
--- !u!1 &1000012850825322
GameObject:
  m_ObjectHideFlags: 0
  m_PrefabParentObject: {fileID: 0}
  m_PrefabInternal: {fileID: 100100000}
  serializedVersion: 4
  m_Component:
  - 4: {fileID: 4000012401888284}
  - 114: {fileID: 114000012015363472}
  m_Layer: 0
  m_Name: WallSplineDown
  m_TagString: Untagged
  m_Icon: {fileID: 0}
  m_NavMeshLayer: 0
  m_StaticEditorFlags: 0
  m_IsActive: 1
--- !u!1 &1000013543138608
GameObject:
  m_ObjectHideFlags: 0
  m_PrefabParentObject: {fileID: 0}
  m_PrefabInternal: {fileID: 100100000}
  serializedVersion: 4
  m_Component:
  - 4: {fileID: 4000013086986924}
  - 114: {fileID: 114000013865014664}
  m_Layer: 0
  m_Name: WallSplineLeft
  m_TagString: Untagged
  m_Icon: {fileID: 0}
  m_NavMeshLayer: 0
  m_StaticEditorFlags: 0
  m_IsActive: 1
--- !u!4 &4000010332832142
Transform:
  m_ObjectHideFlags: 1
  m_PrefabParentObject: {fileID: 0}
  m_PrefabInternal: {fileID: 100100000}
  m_GameObject: {fileID: 1000010115205154}
  m_LocalRotation: {x: -0, y: -0, z: 0.7071068, w: 0.7071068}
  m_LocalPosition: {x: -0.02, y: 0.39, z: 0}
  m_LocalScale: {x: 1, y: 1, z: 1}
  m_LocalEulerAnglesHint: {x: 0, y: 0, z: 90}
  m_Children: []
  m_Father: {fileID: 4000011119982850}
  m_RootOrder: 1
--- !u!4 &4000011119982850
Transform:
  m_ObjectHideFlags: 1
  m_PrefabParentObject: {fileID: 0}
  m_PrefabInternal: {fileID: 100100000}
  m_GameObject: {fileID: 1000012812869838}
  m_LocalRotation: {x: -0, y: 0.16386992, z: -0, w: 0.98648196}
  m_LocalPosition: {x: 770.7, y: 147.94, z: 648.7}
  m_LocalScale: {x: 12, y: 10, z: 1}
  m_LocalEulerAnglesHint: {x: 0, y: 18.566, z: 0}
  m_Children:
  - {fileID: 4000012218825930}
  - {fileID: 4000010332832142}
  - {fileID: 4000013086986924}
  - {fileID: 4000012401888284}
  m_Father: {fileID: 0}
  m_RootOrder: 0
--- !u!4 &4000012218825930
Transform:
  m_ObjectHideFlags: 1
  m_PrefabParentObject: {fileID: 0}
  m_PrefabInternal: {fileID: 100100000}
  m_GameObject: {fileID: 1000010716851412}
  m_LocalRotation: {x: -0, y: -0, z: -0, w: 1}
  m_LocalPosition: {x: -0.89, y: 1.5, z: 0}
  m_LocalScale: {x: 1, y: 1, z: 1}
  m_LocalEulerAnglesHint: {x: 0, y: 0, z: 0}
  m_Children: []
  m_Father: {fileID: 4000011119982850}
  m_RootOrder: 0
--- !u!4 &4000012401888284
Transform:
  m_ObjectHideFlags: 1
  m_PrefabParentObject: {fileID: 0}
  m_PrefabInternal: {fileID: 100100000}
  m_GameObject: {fileID: 1000012850825322}
  m_LocalRotation: {x: 0, y: 0, z: -0.7071068, w: 0.7071068}
  m_LocalPosition: {x: -0.02, y: 2.4, z: 0}
  m_LocalScale: {x: 1.0000007, y: 1.0000007, z: 1}
  m_LocalEulerAnglesHint: {x: 0, y: 0, z: -90}
  m_Children: []
  m_Father: {fileID: 4000011119982850}
  m_RootOrder: 3
--- !u!4 &4000013086986924
Transform:
  m_ObjectHideFlags: 1
  m_PrefabParentObject: {fileID: 0}
  m_PrefabInternal: {fileID: 100100000}
  m_GameObject: {fileID: 1000013543138608}
  m_LocalRotation: {x: 0, y: 0, z: 1, w: 0}
  m_LocalPosition: {x: 1.03, y: 1.5, z: 0}
  m_LocalScale: {x: 1, y: 1, z: 1}
  m_LocalEulerAnglesHint: {x: 0, y: 0, z: 180}
  m_Children: []
  m_Father: {fileID: 4000011119982850}
  m_RootOrder: 2
--- !u!114 &114000010409047564
MonoBehaviour:
  m_ObjectHideFlags: 1
  m_PrefabParentObject: {fileID: 0}
  m_PrefabInternal: {fileID: 100100000}
  m_GameObject: {fileID: 1000010716851412}
  m_Enabled: 1
  m_EditorHideFlags: 0
  m_Script: {fileID: 11500000, guid: b154883273c2845f39445c8015d81639, type: 3}
  m_Name: 
  m_EditorClassIdentifier: 
  points:
  - {x: 1, y: 0, z: 0}
  - {x: 1.9407024, y: 0, z: 0.000008225441}
  - {x: 2.8496199, y: 0, z: 3.5438225}
  - {x: 4.2135763, y: 0, z: -23.461979}
  modes: 0000000000000000
  loop: 0
  showDirections: 0
--- !u!114 &114000011839006512
MonoBehaviour:
  m_ObjectHideFlags: 1
  m_PrefabParentObject: {fileID: 0}
  m_PrefabInternal: {fileID: 100100000}
  m_GameObject: {fileID: 1000010115205154}
  m_Enabled: 1
  m_EditorHideFlags: 0
  m_Script: {fileID: 11500000, guid: b154883273c2845f39445c8015d81639, type: 3}
  m_Name: 
  m_EditorClassIdentifier: 
  points:
  - {x: 1, y: 0, z: 0}
  - {x: 1.4759305, y: 0, z: 0}
  - {x: 2.8496194, y: 0, z: 0}
  - {x: 4.2135744, y: 0, z: 0}
  modes: 0000000000000000
  loop: 0
  showDirections: 0
--- !u!114 &114000012015363472
MonoBehaviour:
  m_ObjectHideFlags: 1
  m_PrefabParentObject: {fileID: 0}
  m_PrefabInternal: {fileID: 100100000}
  m_GameObject: {fileID: 1000012850825322}
  m_Enabled: 1
  m_EditorHideFlags: 0
  m_Script: {fileID: 11500000, guid: b154883273c2845f39445c8015d81639, type: 3}
  m_Name: 
  m_EditorClassIdentifier: 
  points:
  - {x: 1, y: 0, z: 0}
  - {x: 1.4759305, y: 0, z: 0}
  - {x: 2.8496194, y: 0, z: 0}
  - {x: 4.2135744, y: 0, z: 0}
  modes: 0000000000000000
  loop: 0
  showDirections: 0
--- !u!114 &114000013467340204
MonoBehaviour:
  m_ObjectHideFlags: 1
  m_PrefabParentObject: {fileID: 0}
  m_PrefabInternal: {fileID: 100100000}
  m_GameObject: {fileID: 1000012812869838}
  m_Enabled: 1
  m_EditorHideFlags: 0
  m_Script: {fileID: 11500000, guid: d7f71ffac44969c4e9f18431870db760, type: 3}
  m_Name: 
  m_EditorClassIdentifier: 
  WallToMove: {fileID: 0}
  Splines:
  - {fileID: 114000010409047564}
  - {fileID: 114000013865014664}
  active: 1
  UpAndDown: 0
  OnlyLeft: 0
  OnlyRight: 0
  ChanceToBlock: 0
  MinDurationStay: 3
  MaxDurationStay: 8
--- !u!114 &114000013865014664
MonoBehaviour:
  m_ObjectHideFlags: 1
  m_PrefabParentObject: {fileID: 0}
  m_PrefabInternal: {fileID: 100100000}
  m_GameObject: {fileID: 1000013543138608}
  m_Enabled: 1
  m_EditorHideFlags: 0
  m_Script: {fileID: 11500000, guid: b154883273c2845f39445c8015d81639, type: 3}
  m_Name: 
  m_EditorClassIdentifier: 
  points:
  - {x: 1, y: 0, z: 0}
  - {x: 2.0943315, y: 0, z: 0.594782}
  - {x: 2.8496234, y: 0, z: 2.5262551}
  - {x: 4.2135754, y: 0, z: -9.877385}
  modes: 0000000000000000
  loop: 0
  showDirections: 0
